%% This BibTeX bibliography file was created using BibDesk.
%% http://bibdesk.sourceforge.net/

%% Created for Stijn De Backer at 2018-04-05 16:43:27 +0200 


%% Saved with string encoding Unicode (UTF-8) 



@electronic{IosLocFramework,
	Author = {Apple},
	Date = {2018-04-05},
	Lastchecked = {2018-04-05},
	Title = {Getting the user's location},
	Url = {https://developer.apple.com/library/content/documentation/UserExperience/Conceptual/LocationAwarenessPG/CoreLocation/CoreLocation.html},
	Urldate = {2018-04-05},
	Timestamp = {2018-04-05}}

@electronic{IosVisitsService,
	Author = {Apple},
	Date = {2018-04-05},
	Lastchecked = {2018-04-05},
	Title = {Using the Visits location service},
	Url = {https://developer.apple.com/documentation/corelocation/getting_the_user_s_location/using_the_visits_location_service},
	Urldate = {2018-04-05},
	Timestamp = {2018-04-05}}

@electronic{AndroidLocationDev,
	Author = {Android},
	Date = {2018-04-05},
	Lastchecked = {2018-04-05},
	Title = {Location & Context},
	Url = {https://developer.android.com/training/location/index.html},
	Urldate = {2018-04-05},
	Timestamp = {2018-04-05}}



@electronic{GoogleLocDev,
	Author = {Google},
	Date = {2018-04-05},
	Lastchecked = {2018-04-05},
	Title = {Location interfaces, classes},
	Url = {https://developers.google.com/android/reference/com/google/android/gms/location/package-summary},
	Urldate = {2018-04-05},
	Timestamp = {2018-04-05}}



@Electronic{LewisFowler2014,
author = {Lewis, James and Fowler, Martin},
title = {Microservices: a definition of this new architectural term},
date = {2014-03-25},
url = {http://martinfowler.com/articles/microservices.html},
urldate = {2016-09-01},
abstract  = {The term "Microservice Architecture" has sprung up over [...]},
keywords  = {application architecture, web services, microservices},
owner     = {bert},
timestamp = {2016-09-01},
}

@book{Knuth1998,
	Address = {Redwood City, CA, USA},
	Author = {Knuth, Donald E.},
	Publisher = {Addison Wesley Longman Publishing Co., Inc.},
	Title = {The art of computer programming, volume 3: (2nd ed.) sorting and searching},
	Year = {1998}}

@book{Pollefliet2011,
	Address = {Gent},
	Author = {Pollefliet, Leen},
	Publisher = {Academia Press},
	Title = {Schrijven van verslag tot eindwerk: do's en don'ts},
	Year = {2011}}

@article{Creeger2009,
	Author = {Creeger, Mache},
	Journal = {Communications of the ACM},
	Number = {8},
	Pages = {50--56},
	Title = {{CTO Roundtable: Cloud Computing}},
	Volume = {52},
	Year = {2009}}

@misc{Alan2005,
	Author = {Phillips, Alan and Schroth, Frank and Palmer, Geoffrey M and Zielinski, Stefan G and Smith, Allen P and Cunningham III, Colin M},
	Month = dec # {~7},
	Note = {US Patent 7,848,765},
	Publisher = {Google Patents},
	Title = {Location-based services},
	Url = {https://patents.google.com/patent/US7848765B2/en},
	Year = {2010},
	Bdsk-Url-1 = {https://patents.google.com/patent/US7848765B2/en}}

@inproceedings{Yan2015,
	Address = {Washington, D.C.},
	Author = {Yan Michalevsky and Aaron Schulman and Gunaa Arumugam Veerapandian and Dan Boneh and Gabi Nakibly},
	Booktitle = {24th {USENIX} Security Symposium ({USENIX} Security 15)},
	Isbn = {978-1-931971-232},
	Pages = {785--800},
	Publisher = {{USENIX} Association},
	Title = {PowerSpy: Location Tracking Using Mobile Device Power Analysis},
	Url = {https://www.usenix.org/conference/usenixsecurity15/technical-sessions/presentation/michalevsky},
	Year = {2015},
	Bdsk-Url-1 = {https://www.usenix.org/conference/usenixsecurity15/technical-sessions/presentation/michalevsky}}
