%% This BibTeX bibliography file was created using BibDesk.
%% http://bibdesk.sourceforge.net/

%% Created for Stijn De Backer at 2018-03-17 14:13:08 +0100 


%% Saved with string encoding Unicode (UTF-8) 



@misc{Alan2005,
	author={Phillips, Alan and Schroth, Frank and Palmer, Geoffrey M and Zielinski, Stefan G and Smith, Allen P and Cunningham III, Colin M},
	note = {US Patent 7,848,765},
	publisher = {Google Patents},
	title = {Location-based services},
	url = {https://patents.google.com/patent/US7848765B2/en},
	year = {2010},
	month=dec # "~7"
	}

@inproceedings {Yan2015,
author = {Yan Michalevsky and Aaron Schulman and Gunaa Arumugam Veerapandian and Dan Boneh and Gabi Nakibly},
title = {PowerSpy: Location Tracking Using Mobile Device Power Analysis},
booktitle = {24th {USENIX} Security Symposium ({USENIX} Security 15)},
year = {2015},
isbn = {978-1-931971-232},
address = {Washington, D.C.},
pages = {785--800},
url = {https://www.usenix.org/conference/usenixsecurity15/technical-sessions/presentation/michalevsky},
publisher = {{USENIX} Association},
}

@article{Doll1954,
	Author = {Doll, Richard and Hill, A Bradford},
	Journal = {British Medical Journal},
	Number = {7455},
	Owner = {jbuy519},
	Pages = {1529-1533},
	Timestamp = {2014.03.28},
	Title = {The mortality of doctors in relation to their smoking habits: a preliminary report},
	Volume = {328},
	Year = {1954}}

@book{Moore2002,
	Author = {Moore, David and McCabe, George},
	Owner = {jbuy519},
	Publisher = {W. H. Freeman},
	Timestamp = {2014.01.28},
	Title = {Introduction to the Practice of Statistics},
	Year = {2002}}

@book{Smits2011,
	Author = {Smits, Johan and Edens, Ronald},
	Owner = {jbuy519},
	Publisher = {Pearson Education},
	Timestamp = {2014.01.23},
	Title = {Onderzoek met SPSS en Excel},
	Year = {2011}}
